<?xml version="1.0" encoding="UTF-8"?><collection xmlns="http://www.loc.gov/MARC21/slim"><record><leader>00383nam--2200145-i-4500</leader><controlfield tag="001">000035212</controlfield><controlfield tag="002">20161230</controlfield><controlfield tag="005">20161230201040</controlfield><controlfield tag="008">060222s1000------------r-----000-0-eng-d</controlfield><datafield ind1=" " ind2=" " tag="080"><subfield code="a">512.624.2:519.615</subfield></datafield><datafield ind1=" " ind2=" " tag="100"><subfield code="a">Pavaloiu, Ion</subfield></datafield><datafield ind1=" " ind2=" " tag="245"><subfield code="a">Rezolvarea ecuatiilor prin interpolare</subfield></datafield><datafield ind1=" " ind2=" " tag="260"><subfield code="a">Cluj-napoca, Ed.Dacia, 1981, 188p</subfield></datafield><datafield ind1=" " ind2=" " tag="852"><subfield code="a">48729</subfield><subfield code="c">512</subfield></datafield><datafield ind1=" " ind2=" " tag="CAT"><subfield code="a">Sys</subfield><subfield code="c">20080514</subfield><subfield code="h">143438</subfield></datafield></record></collection>